@article{cda,
  title={A survey on concept drift adaptation},
  author={Gama, Jo{\~a}o and {\v{Z}}liobait{\.e}, Indr{\.e} and Bifet, Albert and Pechenizkiy, Mykola and Bouchachia, Abdelhamid},
  journal={ACM Computing Surveys (CSUR)},
  volume={46},
  number={4},
  pages={44},
  year={2014},
  publisher={ACM}
}

@online{pict,
 author  = "Harvard",
 title   = "Data and Cloud computing",
 urlseen = "July 2016",
 url     = "http://gking.harvard.edu/files/gking/files/dataandcloudcomputing.jpg?m=1430186249"
}

@INPROCEEDINGS{klinkenberg,
    author = {Ralf Klinkenberg and Thorsten Joachims},
    title = {Detecting Concept Drift with Support Vector Machines},
    booktitle = {In Proceedings of the Seventeenth International Conference on Machine Learning (ICML},
    year = {2000},
    pages = {487--494},
    publisher = {Morgan Kaufmann}
}

@online{netflix,
 author  = "Netflix",
 title   = "Netflix logo",
 urlseen = "July 2016",
 url     = "http://lifehacking.nl/wp-content/uploads/netflix-logo.png"
}

@online{forecasting,
 author  = "Blue Ridge Global",
 title   = "Demand Forecasting",
 urlseen = "July 2016",
 url     = "http://blueridgeglobal.com/wp-content/uploads/2012/09/demand-forecasting.png"
}

@online{robot,
 author  = "MIT",
 title   = "Cheetah",
 urlseen = "July 2016",
 url     = "http://cdn.phys.org/newman/gfx/news/hires/2014/1-mitengineers.jpg"
}